<?xml version="1.0" encoding="UTF-8"?>
<record xmlns="http://www.loc.gov/MARC21/slim" xmlns:xsi="http://www.w3.org/2001/XMLSchema-instance" xsi:schemaLocation="http://www.loc.gov/MARC21/slim http://www.loc.gov/standards/marcxml/schema/MARC21slim.xsd">
<leader>     cam a2200325 a 4500</leader>
<controlfield tag="001">002177858</controlfield>
<controlfield tag="003">NNU</controlfield>
<controlfield tag="005">20061010172330.0</controlfield>
<controlfield tag="008">930914r19661903iq       b    001 0 ara</controlfield>
<datafield tag="035" ind1="9" ind2=" ">
<subfield code="a">NYUb11210251</subfield>
</datafield>
<datafield tag="035" ind1=" " ind2=" ">
<subfield code="a">(CStRLIN)NYUG93-B43607</subfield>
</datafield>
<datafield tag="040" ind1=" " ind2=" ">
<subfield code="a">CU-SB</subfield>
<subfield code="c">CU-SB</subfield>
<subfield code="d">NNU</subfield>
</datafield>
<datafield tag="041" ind1=" " ind2=" ">
<subfield code="a">ara</subfield>
<subfield code="b">ger</subfield>
</datafield>
<datafield tag="066" ind1=" " ind2=" ">
<subfield code="c">(3</subfield>
</datafield>
<datafield tag="090" ind1=" " ind2=" ">
<subfield code="a">PJ7700.R8</subfield>
<subfield code="b">A17 1966</subfield>
</datafield>
<datafield tag="100" ind1="0" ind2=" ">
<subfield code="a">Ruʼbah ibn al-ʻAjjāj,</subfield>
<subfield code="d">d. 762?</subfield>
<subfield code="6">880-01</subfield>
</datafield>
<datafield tag="240" ind1="1" ind2="0">
<subfield code="a">Poems</subfield>
</datafield>
<datafield tag="245" ind1="1" ind2="0">
<subfield code="6">880-02</subfield>
<subfield code="a">Majmūʻ ashʻār al-ʻArab, wa-huwa mushtamil ʻalá Dīwān Ruʼbah ibn al-ʻAjjāj :</subfield>
<subfield code="b">wa-ʻalá abyāt mufradāt mansūbah ilayhi /</subfield>
<subfield code="c">iʻtaná bi-taṣḥīḥihi wa-tartībihi Wilyam ibn Alward "al-Burūsī".</subfield>
</datafield>
<datafield tag="260" ind1=" " ind2=" ">
<subfield code="6">880-03</subfield>
<subfield code="a">Baghdād :</subfield>
<subfield code="b">yuṭlabu min Maktabat al-Muthanná,</subfield>
<subfield code="c">[1966?]</subfield>
</datafield>
<datafield tag="300" ind1=" " ind2=" ">
<subfield code="a">191, 122, cxii ;</subfield>
<subfield code="c">25 cm.</subfield>
</datafield>
<datafield tag="500" ind1=" " ind2=" ">
<subfield code="a">Introd. and notes in German.</subfield>
</datafield>
<datafield tag="500" ind1=" " ind2=" ">
<subfield code="a">Title on added t.p.: Sammlungen alter arabischer Dichter, Der Dīwān des Reḡezdichters Rūba ben elA̓ḡḡāḡ.</subfield>
</datafield>
<datafield tag="534" ind1=" " ind2=" ">
<subfield code="p">Originally published:</subfield>
<subfield code="c">Berlin : Reuther &amp; Reichard, 1903.</subfield>
</datafield>
<datafield tag="700" ind1="1" ind2=" ">
<subfield code="a">Ahlwardt, W.</subfield>
<subfield code="q">(Wilhelm),</subfield>
<subfield code="d">1828-1909.</subfield>
</datafield>
<datafield tag="740" ind1="0" ind2=" ">
<subfield code="a">Dīwān Ruʼbah ibn al-ʻAjjāj.</subfield>
</datafield>
<datafield tag="740" ind1="0" ind2=" ">
<subfield code="a">Sammlungen alter arabischer Dichter.</subfield>
</datafield>
<datafield tag="740" ind1="0" ind2=" ">
<subfield code="a">Dīwān des Reḡezdichters Rūba ben elA̓ḡḡāḡ.</subfield>
</datafield>
<datafield tag="880" ind1="0" ind2=" ">
<subfield code="6">100-01/</subfield>
<subfield code="a">رؤبة بن العجاج.</subfield>
</datafield>
<datafield tag="880" ind1="1" ind2="0">
<subfield code="6">245-02/</subfield>
<subfield code="a">مجموع اشعار العرب، وهو مشتمل على ديوان ربة بن العجاج :</subfield>
<subfield code="b">وعلى ابيات مفردات منسوبة اليه /</subfield>
<subfield code="c">اعتنى بتصحيح وترتيبه وليم بن الورد "البروسي".</subfield>
</datafield>
<datafield tag="880" ind1=" " ind2=" ">
<subfield code="6">260-03/</subfield>
<subfield code="a">بغداد :</subfield>
<subfield code="b">يطلب من مكتبة المثنى،</subfield>
<subfield code="c">[1966?]</subfield>
</datafield>
<datafield tag="OWN" ind1=" " ind2=" ">
<subfield code="a">GENERAL</subfield>
</datafield>
<datafield tag="998" ind1=" " ind2=" ">
<subfield code="a">19940923</subfield>
<subfield code="d">19930914</subfield>
<subfield code="d">20001116</subfield>
<subfield code="n">NNU</subfield>
<subfield code="s">1</subfield>
<subfield code="t">c</subfield>
<subfield code="z">e</subfield>
</datafield>
<datafield tag="AVA" ind1=" " ind2=" ">
<subfield code="a">NYU50</subfield>
<subfield code="b">BOBST</subfield>
<subfield code="c">Main Collection</subfield>
<subfield code="d">PJ7700.R8 A17 1966</subfield>
<subfield code="e">unavailable</subfield>
<subfield code="t">Unavailable</subfield>
<subfield code="f">1</subfield>
<subfield code="g">1</subfield>
<subfield code="h">N</subfield>
<subfield code="i">1</subfield>
<subfield code="j">MAIN</subfield>
</datafield>
</record>
